%YAML 1.1
%TAG !u! tag:unity3d.com,2011:
--- !u!1 &3584461480249194044
GameObject:
  m_ObjectHideFlags: 0
  m_CorrespondingSourceObject: {fileID: 0}
  m_PrefabInstance: {fileID: 0}
  m_PrefabAsset: {fileID: 0}
  serializedVersion: 6
  m_Component:
  - component: {fileID: 6307232992373496169}
  - component: {fileID: 6885009322893203877}
  - component: {fileID: 917498254303080976}
  - component: {fileID: 7152873914756097817}
  - component: {fileID: 3684837128544102546}
  m_Layer: 0
  m_Name: PlayerA
  m_TagString: Untagged
  m_Icon: {fileID: 0}
  m_NavMeshLayer: 0
  m_StaticEditorFlags: 0
  m_IsActive: 1
--- !u!4 &6307232992373496169
Transform:
  m_ObjectHideFlags: 0
  m_CorrespondingSourceObject: {fileID: 0}
  m_PrefabInstance: {fileID: 0}
  m_PrefabAsset: {fileID: 0}
  m_GameObject: {fileID: 3584461480249194044}
  m_LocalRotation: {x: 0, y: 0, z: 0, w: 1}
  m_LocalPosition: {x: -8.305668, y: -13.156305, z: -0.17272234}
  m_LocalScale: {x: 1, y: 1, z: 1}
  m_Children:
  - {fileID: 958381061273858060}
  m_Father: {fileID: 0}
  m_RootOrder: 0
  m_LocalEulerAnglesHint: {x: 0, y: 0, z: 0}
--- !u!114 &6885009322893203877
MonoBehaviour:
  m_ObjectHideFlags: 0
  m_CorrespondingSourceObject: {fileID: 0}
  m_PrefabInstance: {fileID: 0}
  m_PrefabAsset: {fileID: 0}
  m_GameObject: {fileID: 3584461480249194044}
  m_Enabled: 1
  m_EditorHideFlags: 0
  m_Script: {fileID: 11500000, guid: 5738ba0c99d3ccb4382ec42054b6d082, type: 3}
  m_Name: 
  m_EditorClassIdentifier: 
  playground: {fileID: 0}
  collider: {fileID: 3684837128544102546}
  animator: {fileID: 871375106386734948}
  movement: {fileID: 917498254303080976}
  inputProfile: {fileID: 11400000, guid: 516334f348ba60246a6dde4142fa8806, type: 2}
  normalBombPrefabs: {fileID: 2845288471667695231, guid: d6b22a70abddd554e8bd38c2dc3ce9f5,
    type: 3}
  bombLevel: 2
  blastLevel: 4
--- !u!114 &917498254303080976
MonoBehaviour:
  m_ObjectHideFlags: 0
  m_CorrespondingSourceObject: {fileID: 0}
  m_PrefabInstance: {fileID: 0}
  m_PrefabAsset: {fileID: 0}
  m_GameObject: {fileID: 3584461480249194044}
  m_Enabled: 1
  m_EditorHideFlags: 0
  m_Script: {fileID: 11500000, guid: 80c796d20b37f27479df9e429884fbd7, type: 3}
  m_Name: 
  m_EditorClassIdentifier: 
  rigid: {fileID: 7152873914756097817}
  movementSpeed: 7
  input: {x: 0, y: 0}
--- !u!54 &7152873914756097817
Rigidbody:
  m_ObjectHideFlags: 0
  m_CorrespondingSourceObject: {fileID: 0}
  m_PrefabInstance: {fileID: 0}
  m_PrefabAsset: {fileID: 0}
  m_GameObject: {fileID: 3584461480249194044}
  serializedVersion: 2
  m_Mass: 1
  m_Drag: 0
  m_AngularDrag: 0.05
  m_UseGravity: 1
  m_IsKinematic: 0
  m_Interpolate: 0
  m_Constraints: 112
  m_CollisionDetection: 0
--- !u!135 &3684837128544102546
SphereCollider:
  m_ObjectHideFlags: 0
  m_CorrespondingSourceObject: {fileID: 0}
  m_PrefabInstance: {fileID: 0}
  m_PrefabAsset: {fileID: 0}
  m_GameObject: {fileID: 3584461480249194044}
  m_Material: {fileID: 0}
  m_IsTrigger: 0
  m_Enabled: 1
  serializedVersion: 2
  m_Radius: 0.5
  m_Center: {x: 0, y: 0.5, z: 0}
--- !u!1001 &955876994310681854
PrefabInstance:
  m_ObjectHideFlags: 0
  serializedVersion: 2
  m_Modification:
    m_TransformParent: {fileID: 6307232992373496169}
    m_Modifications:
    - target: {fileID: 1111084942782338, guid: 84493eaa65d75074ca2c6e2d8a90ff9a, type: 3}
      propertyPath: m_Name
      value: Boximon Cyclopes
      objectReference: {fileID: 0}
    - target: {fileID: 4274285055804658, guid: 84493eaa65d75074ca2c6e2d8a90ff9a, type: 3}
      propertyPath: m_LocalPosition.x
      value: 0
      objectReference: {fileID: 0}
    - target: {fileID: 4274285055804658, guid: 84493eaa65d75074ca2c6e2d8a90ff9a, type: 3}
      propertyPath: m_LocalPosition.y
      value: 0
      objectReference: {fileID: 0}
    - target: {fileID: 4274285055804658, guid: 84493eaa65d75074ca2c6e2d8a90ff9a, type: 3}
      propertyPath: m_LocalPosition.z
      value: -0.2
      objectReference: {fileID: 0}
    - target: {fileID: 4274285055804658, guid: 84493eaa65d75074ca2c6e2d8a90ff9a, type: 3}
      propertyPath: m_LocalRotation.x
      value: -0
      objectReference: {fileID: 0}
    - target: {fileID: 4274285055804658, guid: 84493eaa65d75074ca2c6e2d8a90ff9a, type: 3}
      propertyPath: m_LocalRotation.y
      value: -0
      objectReference: {fileID: 0}
    - target: {fileID: 4274285055804658, guid: 84493eaa65d75074ca2c6e2d8a90ff9a, type: 3}
      propertyPath: m_LocalRotation.z
      value: -0
      objectReference: {fileID: 0}
    - target: {fileID: 4274285055804658, guid: 84493eaa65d75074ca2c6e2d8a90ff9a, type: 3}
      propertyPath: m_LocalRotation.w
      value: 1
      objectReference: {fileID: 0}
    - target: {fileID: 4274285055804658, guid: 84493eaa65d75074ca2c6e2d8a90ff9a, type: 3}
      propertyPath: m_RootOrder
      value: 0
      objectReference: {fileID: 0}
    - target: {fileID: 4274285055804658, guid: 84493eaa65d75074ca2c6e2d8a90ff9a, type: 3}
      propertyPath: m_LocalEulerAnglesHint.x
      value: 0
      objectReference: {fileID: 0}
    - target: {fileID: 4274285055804658, guid: 84493eaa65d75074ca2c6e2d8a90ff9a, type: 3}
      propertyPath: m_LocalEulerAnglesHint.y
      value: 0
      objectReference: {fileID: 0}
    - target: {fileID: 4274285055804658, guid: 84493eaa65d75074ca2c6e2d8a90ff9a, type: 3}
      propertyPath: m_LocalEulerAnglesHint.z
      value: 0
      objectReference: {fileID: 0}
    - target: {fileID: 4274285055804658, guid: 84493eaa65d75074ca2c6e2d8a90ff9a, type: 3}
      propertyPath: m_LocalScale.x
      value: 2
      objectReference: {fileID: 0}
    - target: {fileID: 4274285055804658, guid: 84493eaa65d75074ca2c6e2d8a90ff9a, type: 3}
      propertyPath: m_LocalScale.y
      value: 2
      objectReference: {fileID: 0}
    - target: {fileID: 4274285055804658, guid: 84493eaa65d75074ca2c6e2d8a90ff9a, type: 3}
      propertyPath: m_LocalScale.z
      value: 2
      objectReference: {fileID: 0}
    m_RemovedComponents: []
  m_SourcePrefab: {fileID: 100100000, guid: 84493eaa65d75074ca2c6e2d8a90ff9a, type: 3}
--- !u!4 &958381061273858060 stripped
Transform:
  m_CorrespondingSourceObject: {fileID: 4274285055804658, guid: 84493eaa65d75074ca2c6e2d8a90ff9a,
    type: 3}
  m_PrefabInstance: {fileID: 955876994310681854}
  m_PrefabAsset: {fileID: 0}
--- !u!95 &871375106386734948 stripped
Animator:
  m_CorrespondingSourceObject: {fileID: 95782878299265946, guid: 84493eaa65d75074ca2c6e2d8a90ff9a,
    type: 3}
  m_PrefabInstance: {fileID: 955876994310681854}
  m_PrefabAsset: {fileID: 0}
